@book{Forssman2004,
  author = {Forssman, Friedrich and De Jong, Ralf},
  title = {Detailtypografie},
  subtitle = {Nachschlagewerk für alle Fragen zu Schrift und Satz},
  publisher = {Schmidt},
  edition = {3},
  isbn = {978-3-87439-642-4},
  year = {2004},
}

@phdthesis{Hinrichs2014,
  author = {Hinrichs, Christian},
  title = {{Selbstorganisierte Einsatzplanung dezentraler Akteure im Smart Grid}},
  institution = {{Carl von Ossietzky Universität Oldenburg}},
  year = {2014},
  eprint = {urn:nbn:de:gbv:715-oops-?????},
  eprinttype = {\textsc{urn}},
}
